<record><leader>00000cas a2200000 a 4500</leader><controlfield tag="001">15300998</controlfield><controlfield tag="008">870311d18921973iluwr ne      0   a0eng c</controlfield><datafield ind1=" " ind2=" " tag="010"><subfield code="a">sn 87082340 </subfield></datafield><datafield ind1=" " ind2=" " tag="040"><subfield code="a">NPV</subfield><subfield code="b">eng</subfield><subfield code="c">NPV</subfield><subfield code="d">NVF</subfield><subfield code="d">OCL</subfield><subfield code="d">NVF</subfield><subfield code="d">OCLCF</subfield><subfield code="d">OCLCO</subfield><subfield code="d">NVF</subfield></datafield><datafield ind1=" " ind2=" " tag="042"><subfield code="a">pcc</subfield></datafield><datafield ind1=" " ind2=" " tag="043"><subfield code="a">n-us-il</subfield></datafield><datafield ind1="0" ind2=" " tag="130"><subfield code="a">Quill (La Harpe, Ill.)</subfield></datafield><datafield ind1="1" ind2="4" tag="245"><subfield code="a">The quill.</subfield></datafield><datafield ind1="1" ind2=" " tag="246"><subfield code="i">Published as:</subfield><subfield code="a">La Harpe Republican</subfield><subfield code="f">May 23-Aug. 29, 1895</subfield></datafield><datafield ind1=" " ind2=" " tag="260"><subfield code="a">La Harpe, Hancock County, Ill. :</subfield><subfield code="b">Sam McDonald,</subfield><subfield code="c">1892-1973.</subfield></datafield><datafield ind1=" " ind2=" " tag="300"><subfield code="a">v.</subfield></datafield><datafield ind1=" " ind2=" " tag="310"><subfield code="a">Weekly</subfield></datafield><datafield ind1="0" ind2=" " tag="362"><subfield code="a">Vol. 1, no. 1 (May 20, 1892)-v. 82, no. 12 (June 6, 1973).</subfield></datafield><datafield ind1=" " ind2=" " tag="530"><subfield code="a">Preservation microfilmed by the University of Illinois at Urbana-Champaign Library as part of the United States Newspaper Program; the years 1892-1941 (on 16 microfilm reels) are available for purchase from OCLC Preservation Service Centers.</subfield></datafield><datafield ind1=" " ind2="0" tag="651"><subfield code="a">La Harpe (Ill.)</subfield><subfield code="v">Newspapers.</subfield></datafield><datafield ind1=" " ind2="0" tag="651"><subfield code="a">Hancock County (Ill.)</subfield><subfield code="v">Newspapers.</subfield></datafield><datafield ind1=" " ind2="7" tag="651"><subfield code="a">Illinois</subfield><subfield code="z">Hancock County.</subfield><subfield code="2">fast</subfield><subfield code="0">(OCoLC)fst01206510</subfield></datafield><datafield ind1=" " ind2="7" tag="651"><subfield code="a">Illinois</subfield><subfield code="z">La Harpe.</subfield><subfield code="2">fast</subfield><subfield code="0">(OCoLC)fst01263289</subfield></datafield><datafield ind1=" " ind2="7" tag="655"><subfield code="a">Newspapers.</subfield><subfield code="2">fast</subfield><subfield code="0">(OCoLC)fst01423814</subfield></datafield><datafield ind1=" " ind2=" " tag="752"><subfield code="a">United States</subfield><subfield code="b">Illinois</subfield><subfield code="c">Hancock County</subfield><subfield code="d">La Harpe.</subfield></datafield><datafield ind1="0" ind2="5" tag="780"><subfield code="t">La Harper</subfield><subfield code="w">(DLC)sn 90050215</subfield><subfield code="w">(OCoLC)21920646</subfield></datafield><datafield ind1="0" ind2="0" tag="785"><subfield code="t">Hancock County quill</subfield><subfield code="w">(DLC)sn 93056012</subfield><subfield code="w">(OCoLC)29264030</subfield></datafield><datafield ind1="1" ind2=" " tag="029"><subfield code="a">AU@</subfield><subfield code="b">000020236964</subfield></datafield></record>